@article{hehre1969self,
  title={Self-consistent molecular-orbital methods. I. Use of Gaussian expansions of Slater-type atomic orbitals},
  author={Hehre, Warren J and Stewart, Robert F and Pople, John A},
  journal={The Journal of Chemical Physics},
  volume={51},
  number={6},
  pages={2657--2664},
  year={1969},
  publisher={American Institute of Physics}
}

@article{hehre1970self,
  title={self-consistent molecular orbital methods. iv. use of Gaussian expansions of Slater-type orbitals. Extension to second-row molecules},
  author={Hehre, WJ\_ and Ditchfield, R and Stewart, RF and Pople, JA},
  journal={The Journal of Chemical Physics},
  volume={52},
  number={5},
  pages={2769--2773},
  year={1970},
  publisher={American Institute of Physics}
}

@article{hehre1972self,
  title={Self—consistent molecular orbital methods. XII. Further extensions of Gaussian—type basis sets for use in molecular orbital studies of organic molecules},
  author={Hehre, Warren J and Ditchfield, Robert and Pople, John A},
  journal={The Journal of Chemical Physics},
  volume={56},
  number={5},
  pages={2257--2261},
  year={1972},
  publisher={American Institute of Physics}
}


@misc{zielinski2005quantum,
  title={Quantum states of atoms and molecules},
  author={Zielinski, Theresa Julia and Harvey, Erica and Sweeney, Robert and Hanson, David M},
  year={2005},
  publisher={ACS Publications}
}

@article{boys1950electronic,
  title={Electronic wave functions. {I}. A general method of calculation for the stationary states of any molecular system},
  author={Boys, S Francis},
  journal={Proceedings of the Royal Society of London. Series A. Mathematical and Physical Sciences},
  volume={200},
  number={1063},
  pages={542--554},
  year={1950},
  publisher={The Royal Society London}
}

@article{taketa1966gaussian,
  title={Gaussian-expansion methods for molecular integrals},
  author={Taketa, Hiroshi and Huzinaga, Sigeru and O-ohata, Kiyosi},
  journal={Journal of the physical society of Japan},
  volume={21},
  number={11},
  pages={2313--2324},
  year={1966},
  publisher={The Physical Society of Japan}
}

@article{clementi1965tables,
  title={Tables of atomic functions},
  author={Clementi, Enrico},
  journal={IBM Journal of Research and Development},
  volume={9},
  number={1},
  pages={87--89},
  year={1965},
  publisher={Ibm}
}

@article{ditchfield1971self,
  title={Self-consistent molecular-orbital methods. {IX}. An extended {G}aussian-type basis for molecular-orbital studies of organic molecules},
  author={Ditchfield, RHWJ and Hehre, W J\_ and Pople, John A},
  journal={The Journal of Chemical Physics},
  volume={54},
  number={2},
  pages={724--728},
  year={1971},
  publisher={AIP}
}

@article{dunning1989gaussian,
  title={Gaussian basis sets for use in correlated molecular calculations. {I}. The atoms boron through neon and hydrogen},
  author={Dunning Jr, Thom H},
  journal={The Journal of chemical physics},
  volume={90},
  number={2},
  pages={1007--1023},
  year={1989},
  publisher={AIP}
}

@book{szabo2012modern,
  title={Modern quantum chemistry: introduction to advanced electronic structure theory},
  author={Szabo, Attila and Ostlund, Neil S},
  year={2012},
  publisher={Courier Corporation}
}

@article{frank1999introduction,
  title={Introduction to computational chemistry},
  author={Frank, Jensen},
  journal={Editorial Offices October},
  year={1999}
}

@book{helgaker2014molecular,
  title={Molecular electronic-structure theory},
  author={Helgaker, Trygve and Jorgensen, Poul and Olsen, Jeppe},
  year={2014},
  publisher={John Wiley \& Sons}
}

@article{douglas1974quantum,
  title={Quantum electrodynamical corrections to the fine structure of helium},
  author={Douglas, Marvin and Kroll, Norman M},
  journal={Annals of Physics},
  volume={82},
  number={1},
  pages={89--155},
  year={1974},
  publisher={Elsevier}
}

@article{peterson2002accurate,
  title={Accurate correlation consistent basis sets for molecular core--valence correlation effects: The second row atoms Al--Ar, and the first row atoms B--Ne revisited},
  author={Peterson, Kirk A and Dunning Jr, Thom H},
  journal={The Journal of chemical physics},
  volume={117},
  number={23},
  pages={10548--10560},
  year={2002},
  publisher={American Institute of Physics}
}

@article{hess1985applicability,
  title={Applicability of the no-pair equation with free-particle projection operators to atomic and molecular structure calculations},
  author={Hess, Bernd A},
  journal={Physical Review A},
  volume={32},
  number={2},
  pages={756},
  year={1985},
  publisher={APS}
}

@article{peterson2003systematically2,
  title={Systematically convergent basis sets with relativistic pseudopotentials. {II}. Small-core pseudopotentials and correlation consistent basis sets for the post-$d$ group 16--18 elements},
  author={Peterson, Kirk A and Figgen, Detlev and Goll, Erich and Stoll, Hermann and Dolg, Michael},
  journal={The Journal of chemical physics},
  volume={119},
  number={21},
  pages={11113--11123},
  year={2003},
  publisher={AIP}
}

@article{peterson2003systematically1,
  title={Systematically convergent basis sets with relativistic pseudopotentials. {I}. Correlation consistent basis sets for the post-$d$ group 13--15 elements},
  author={Peterson, Kirk A},
  journal={The Journal of chemical physics},
  volume={119},
  number={21},
  pages={11099--11112},
  year={2003},
  publisher={AIP}
}

@article{pulay1980convergence,
  title={Convergence acceleration of iterative sequences. The case of {SCF} iteration},
  author={Pulay, P{\'e}ter},
  journal={Chemical Physics Letters},
  volume={73},
  number={2},
  pages={393--398},
  year={1980},
  publisher={Elsevier}
}

@article{siegbahn1981complete,
  title={The complete active space {SCF} ({CASSCF}) method in a {N}ewton--{R}aphson formulation with application to the {HNO} molecule},
  author={Siegbahn, Per EM and Alml{\"o}f, Jan and Heiberg, Anders and Roos, Bj{\"o}rn O},
  journal={The Journal of Chemical Physics},
  volume={74},
  number={4},
  pages={2384--2396},
  year={1981},
  publisher={AIP}
}

@article{davidson197514,
  title={The Iterative Calculation of a Few of the Lowest Eigenvalues and Corresponding Eigenvectors of Large Real Symmetric Matrices},
  author={Davidson, CG},
  journal={Journal of Computational Physics},
  volume={17},
  pages={87--94},
  year={1975}
}

@article{vcivzek1966correlation,
  title={On the correlation problem in atomic and molecular systems. {C}alculation of wavefunction components in {U}rsell-type expansion using quantum-field theoretical methods},
  author={{\v{C}}i{\v{z}}ek, Ji{\v{r}}i},
  journal={The Journal of Chemical Physics},
  volume={45},
  number={11},
  pages={4256--4266},
  year={1966},
  publisher={AIP}
}

@article{bartlett2007coupled,
  title={Coupled-cluster theory in quantum chemistry},
  author={Bartlett, Rodney J and Musia{\l}, Monika},
  journal={Reviews of Modern Physics},
  volume={79},
  number={1},
  pages={291},
  year={2007},
  publisher={APS}
}

@article{salter1989analytic,
  title={Analytic energy derivatives in many-body methods. I. First derivatives},
  author={Salter, EA and Trucks, Gary W and Bartlett, Rodney J},
  journal={The Journal of Chemical Physics},
  volume={90},
  number={3},
  pages={1752--1766},
  year={1989},
  publisher={AIP}
}

@article{gauss1991coupled,
  title={Coupled-cluster open-shell analytic gradients: Implementation of the direct product decomposition approach in energy gradient calculations},
  author={Gauss, J{\"u}rgen and Stanton, John F and Bartlett, Rodney J},
  journal={The Journal of chemical physics},
  volume={95},
  number={4},
  pages={2623--2638},
  year={1991},
  publisher={AIP}
}

@article{gauss1995coupled,
  title={Coupled-cluster calculations of nuclear magnetic resonance chemical shifts},
  author={Gauss, J{\"u}rgen and Stanton, John F},
  journal={The Journal of chemical physics},
  volume={103},
  number={9},
  pages={3561--3577},
  year={1995},
  publisher={AIP}
}

@book{shavitt2009many,
  title={Many-body methods in chemistry and physics: {MBPT} and coupled-cluster theory},
  author={Shavitt, Isaiah and Bartlett, Rodney J},
  year={2009},
  publisher={Cambridge university press}
}

@article{roos1980complete,
  title={A complete active space {SCF} method ({CASSCF}) using a density matrix formulated super-{CI} approach},
  author={Roos, Bj{\"o}rn O and Taylor, Peter R and Si, Per EM and others},
  journal={Chemical Physics},
  volume={48},
  number={2},
  pages={157--173},
  year={1980},
  publisher={Elsevier}
}

@article{head1988optimization,
  title={Optimization of wave function and geometry in the finite basis {H}artree-{F}ock method},
  author={Head-Gordon, Martin and Pople, John A},
  journal={The Journal of Physical Chemistry},
  volume={92},
  number={11},
  pages={3063--3069},
  year={1988},
  publisher={ACS Publications}
}

@article{levine1988physical,
  title={Physical Chemistry, 3$^{rd}$ Ed},
  author={Levine, N Ira},
  journal={Chemistry Department Brooklyn College City University of New York},
  pages={371--373},
  year={1988}
}

@article{balkova1994multireference,
  title={A multireference coupled-cluster study of the ground state and lowest excited states of cyclobutadiene},
  author={Balkov{\'a}, A and Bartlett, Rodney J},
  journal={The Journal of chemical physics},
  volume={101},
  number={10},
  pages={8972--8987},
  year={1994},
  publisher={AIP}
}

@article{osti_4412175,
title = {Numerical Computation of the characteristic values of a real symmetric matrix},
author = {Givens, W.},
abstractNote = {},
doi = {10.2172/4412175},
journal = {},
number ={},
volume ={} ,
place = {United States},
year = {1954},
month = {3}
}

@book{tinkham2003group,
  title={Group theory and quantum mechanics},
  author={Tinkham, Michael},
  year={2003},
  publisher={Courier Corporation}
}

@article{tranter2015b,
  title={The Bravyi--Kitaev transformation: Properties and applications},
  author={Tranter, Andrew and Sofia, Sarah and Seeley, Jake and Kaicher, Michael and McClean, Jarrod and Babbush, Ryan and Coveney, Peter V and Mintert, Florian and Wilhelm, Frank and Love, Peter J},
  journal={J. Chem. Phys},
  volume={115},
  number={19},
  pages={1431--1441},
  year={2015},
  publisher={Wiley Online Library}
}

@article{bravyi2002fermionic,
  title={Fermionic quantum computation},
  author={Bravyi, Sergey B and Kitaev, Alexei Yu},
  journal={Annals of Physics},
  volume={298},
  number={1},
  pages={210--226},
  year={2002},
  publisher={Elsevier}
}

@article{bravyi2017tapering,
  title={Tapering off qubits to simulate fermionic Hamiltonians},
  author={Bravyi, Sergey and Gambetta, Jay M and Mezzacapo, Antonio and Temme, Kristan},
  journal={arXiv preprint arXiv:1701.08213},
  year={2017}
}


@article{kempe2006complexity,
  title={The complexity of the local Hamiltonian problem},
  author={Kempe, Julia and Kitaev, Alexei and Regev, Oded},
  journal={SIAM Journal on Computing},
  volume={35},
  number={5},
  pages={1070--1097},
  year={2006},
  publisher={SIAM}
}

@article{peruzzo2014variational,
  title={A variational eigenvalue solver on a photonic quantum processor},
  author={Peruzzo, Alberto and McClean, Jarrod and Shadbolt, Peter and Yung, Man-Hong and Zhou, Xiao-Qi and Love, Peter J and Aspuru-Guzik, Al{\'a}n and O’brien, Jeremy L},
  journal={Nature communications},
  volume={5},
  number={1},
  pages={1--7},
  year={2014},
  publisher={Nature Publishing Group}
}

@article{evangelista2019exact,
  title={Exact parameterization of fermionic wave functions via unitary coupled cluster theory},
  author={Evangelista, Francesco A and Chan, Garnet Kin-Lic and Scuseria, Gustavo E},
  journal={The Journal of chemical physics},
  volume={151},
  number={24},
  pages={244112},
  year={2019},
  publisher={AIP Publishing LLC}
}

@article{harsha2018difference,
  title={On the difference between variational and unitary coupled cluster theories},
  author={Harsha, Gaurav and Shiozaki, Toru and Scuseria, Gustavo E},
  journal={The Journal of chemical physics},
  volume={148},
  number={4},
  pages={044107},
  year={2018},
  publisher={AIP Publishing LLC}
}

@article{sokolov2020quantum,
  title={Quantum orbital-optimized unitary coupled cluster methods in the strongly correlated regime: Can quantum algorithms outperform their classical equivalents?},
  author={Sokolov, Igor O and Barkoutsos, Panagiotis Kl and Ollitrault, Pauline J and Greenberg, Donny and Rice, Julia and Pistoia, Marco and Tavernelli, Ivano},
  journal={The Journal of chemical physics},
  volume={152},
  number={12},
  pages={124107},
  year={2020},
  publisher={AIP Publishing LLC}
}

@article{barkoutsos2018quantum,
  title={Quantum algorithms for electronic structure calculations: Particle-hole Hamiltonian and optimized wave-function expansions},
  author={Barkoutsos, Panagiotis Kl and Gonthier, Jerome F and Sokolov, Igor and Moll, Nikolaj and Salis, Gian and Fuhrer, Andreas and Ganzhorn, Marc and Egger, Daniel J and Troyer, Matthias and Mezzacapo, Antonio and others},
  journal={Physical Review A},
  volume={98},
  number={2},
  pages={022322},
  year={2018},
  publisher={APS}
}

@article{kandala2017hardware,
  title={Hardware-efficient variational quantum eigensolver for small molecules and quantum magnets},
  author={Kandala, Abhinav and Mezzacapo, Antonio and Temme, Kristan and Takita, Maika and Brink, Markus and Chow, Jerry M and Gambetta, Jay M},
  journal={Nature},
  volume={549},
  number={7671},
  pages={242--246},
  year={2017},
  publisher={Nature Publishing Group}
}
 
